<record><leader>00000cas a2200000 a 4500</leader><controlfield tag="001">12153068</controlfield><controlfield tag="008">850613d18601864iluwr ne      0    0eng c</controlfield><datafield ind1=" " ind2=" " tag="010"><subfield code="a">sn 85033659 </subfield></datafield><datafield ind1=" " ind2=" " tag="040"><subfield code="a">NPU</subfield><subfield code="b">eng</subfield><subfield code="c">NPU</subfield><subfield code="d">NPY</subfield><subfield code="d">DLC</subfield><subfield code="d">MFN</subfield><subfield code="d">YOX</subfield><subfield code="d">NYS</subfield><subfield code="d">NVF</subfield><subfield code="d">NYS</subfield><subfield code="d">NVF</subfield><subfield code="d">CNK</subfield><subfield code="d">NVF</subfield><subfield code="d">OCL</subfield><subfield code="d">CVF</subfield><subfield code="d">NVF</subfield><subfield code="d">NYS</subfield><subfield code="d">KRTAS</subfield><subfield code="d">OCLCQ</subfield><subfield code="d">OCLCF</subfield><subfield code="d">OCLCO</subfield></datafield><datafield ind1=" " ind2=" " tag="042"><subfield code="a">pcc</subfield></datafield><datafield ind1=" " ind2=" " tag="043"><subfield code="a">n-us-il</subfield></datafield><datafield ind1="0" ind2="0" tag="050"><subfield code="a">Newspaper 7635</subfield></datafield><datafield ind1="0" ind2=" " tag="130"><subfield code="a">Chicago weekly tribune (Chicago, Ill. : 1860)</subfield></datafield><datafield ind1="1" ind2="0" tag="245"><subfield code="a">Chicago weekly tribune.</subfield></datafield><datafield ind1=" " ind2=" " tag="260"><subfield code="a">Chicago, Ill. :</subfield><subfield code="b">John L. Scripps, William Bross, Charles H. Ray, Joseph Medill and Alfred Cowles,</subfield><subfield code="c">1860-1864.</subfield></datafield><datafield ind1=" " ind2=" " tag="300"><subfield code="a">v. ;</subfield><subfield code="c">74 cm.</subfield></datafield><datafield ind1=" " ind2=" " tag="310"><subfield code="a">Weekly</subfield></datafield><datafield ind1="0" ind2=" " tag="362"><subfield code="a">Vol. 14, no. 34 (Nov. 1, 1860)-v. 18, no. 14 (Aug. 18, 1864).</subfield></datafield><datafield ind1=" " ind2=" " tag="580"><subfield code="a">Triweekly eds.: Chicago tri-weekly tribune, 1860-1864, and: Chicago tribune (Chicago, Ill. : Triweekly), 1864.</subfield></datafield><datafield ind1=" " ind2="0" tag="651"><subfield code="a">Chicago (Ill.)</subfield><subfield code="v">Newspapers.</subfield></datafield><datafield ind1=" " ind2="0" tag="651"><subfield code="a">Cook County (Ill.)</subfield><subfield code="v">Newspapers.</subfield></datafield><datafield ind1=" " ind2="7" tag="655"><subfield code="a">Newspapers.</subfield><subfield code="2">fast</subfield><subfield code="0">(OCoLC)fst01423814</subfield></datafield><datafield ind1=" " ind2="7" tag="651"><subfield code="a">Illinois</subfield><subfield code="z">Chicago.</subfield><subfield code="2">fast</subfield><subfield code="0">(OCoLC)fst01204048</subfield></datafield><datafield ind1=" " ind2="7" tag="651"><subfield code="a">Illinois</subfield><subfield code="z">Cook County.</subfield><subfield code="2">fast</subfield><subfield code="0">(OCoLC)fst01205334</subfield></datafield><datafield ind1=" " ind2=" " tag="752"><subfield code="a">United States</subfield><subfield code="b">Illinois</subfield><subfield code="c">Cook</subfield><subfield code="d">Chicago.</subfield></datafield><datafield ind1="0" ind2=" " tag="775"><subfield code="t">Chicago daily tribune (Chicago, Ill. : 1860)</subfield><subfield code="w">(DLC)sn 84031490</subfield><subfield code="w">(OCoLC)11019356</subfield></datafield><datafield ind1="1" ind2=" " tag="775"><subfield code="t">Chicago tri-weekly tribune</subfield><subfield code="w">(DLC)sn 86086395</subfield><subfield code="w">(OCoLC)13342065</subfield></datafield><datafield ind1="1" ind2=" " tag="775"><subfield code="t">Chicago tribune (Chicago, Ill. : Triweekly)</subfield><subfield code="w">(DLC)sn 91055477</subfield><subfield code="w">(OCoLC)24997687</subfield></datafield><datafield ind1="0" ind2="0" tag="780"><subfield code="t">Press and tribune (Chicago, Ill. : Weekly)</subfield><subfield code="w">(DLC)sn 87082003</subfield><subfield code="w">(OCoLC)15029337</subfield></datafield><datafield ind1="0" ind2="5" tag="780"><subfield code="t">Chicago weekly Democrat</subfield><subfield code="w">(DLC)sn 92061662</subfield><subfield code="w">(OCoLC)25481190</subfield></datafield><datafield ind1="0" ind2="0" tag="785"><subfield code="t">Chicago tribune (Chicago, Ill. : Weekly)</subfield><subfield code="w">(DLC)sn 91055476</subfield><subfield code="w">(OCoLC)24997218</subfield></datafield><datafield ind1=" " ind2=" " tag="938"><subfield code="a">Kirtas Technologies, Inc.</subfield><subfield code="b">KRTS</subfield><subfield code="n">739250</subfield></datafield></record>